@inproceedings{lcs,
 author = {De Marchi,, Lucas.},
 title = {Multi-core scheduling optimizations for soft real-time multi-threaded applications. A cooperation aware approach.},
 year = {2009},
 }

@inproceedings{calandro,
 author = {Calandrino,, John M. and Anderson,, James H.},
 title = {On the Design and Implementation of Cache-Aware Multicore Real-time Scheduler},
 year = {2009},
 }

@inproceedings{fedorova,
 author = {Fedorova,, Alexandra and Seltzer,, Margo and Smith,, Micheal D.},
 title = {Improving Performance Isolation on Chip Multiprocessors via an Operating System Scheduler},
 year = {2007},
 }

@inproceedings{molka,
 author = {Molka,, Daniel and Hackenberg,, Daniel and Nagel,, Wolfgang E. },
 title = {Comparing Cache Architectures and Coherency Protocols on x86-64 Multicore SMP Systems},
 year = {2009},
 }

@inproceedings{molka_bis,
 author = {Molka,, Daniel and Hackenberg,, Daniel and Schone,, R. and Muller,, M.S. },
 title = {Memory Performance and Cache Coherency Effects on an Intel Nehalem Multiprocessor},
 year = {2009},
 }

@inproceedings{taiwan,
 author = {Yang,, Teng-Feng and Lin,, Chung-Hsiang and Yang,, Chia-Lin},
 title = {Cache-Aware Task Scheduling on Multi-Core Architecture},
 year = {2010},
 }

@inproceedings{guann,
 author = {Guann,, Nan and Stigge,, Martin and Yi,, Wang},
 title = {Cache-Aware Scheduling and Analysis for Multicores},
 year = {2009},
 }

@inproceedings{COOL,
 author = {Chandra,, Rohit and Gupta,, Anoop},
 title = {Data Locality and Load Balancing in COOL},
 year = {1993},
 }

@inproceedings{Peng,
 author = {Peng,, Lu and Peir,, Jih-Kwon and Prakash,, Tribuvan},
 title = {Memory hierarchy performance measurement of commercial dual-core desktop processors},
 year = {2008},
 }

@inproceedings{Chandra,
 author = {Chandra,, Dhruba and Guo,, Fei and Kim,, Seongbeom},
 title = {Predicting Inter-Thread Cache Contention on a Chip Multi-Processor Architecture},
 year = {2005},
 }

@inproceedings{Qian,
 author = {Qian,, Bin-feng and Yan,, Li-min},
 title = {The Research of the Inclusive Cache used in Multi-Core Processor},
 year = {2008},
 }

@inproceedings{Rolf,
 author = {Rolf,, Trent},
 title = {Cache Organization and Memory Management of the Intel Nehalem Computer Architecture},
 year = {2009},
 }

@inproceedings{Anderson,
 author = {Anderson,, James H. and Calandrino,, John M. },
 title = {Parallel Real-Time Task Scheduling on Multicore Platforms},
 year = {2006},
 }

@inproceedings{fedorova_bis,
 author = {Fedorova,, Alexandra and Seltzer,, Margo and Smith,, Michael D.},
 title = {Improving Performance Isolation on Chip Multiprocessors via an Operating System Scheduler},
 year = {2007},
 }

@inproceedings{Babka,
 author = {Babka,, Vlastimil and Tuma,, Petr},
 title = {Investigating Cache Parameters of x86 Family Processors},
 year = {2009},
 }

@inproceedings{Intel,
 title = {White Paper Intel next generation microarchitecture Nehalem},
 }

@inproceedings{Intel_32,
 title = {Intel Corporation. Intel 64 and IA-32 architectures software developer's manuals},
 }

