@unpublished{ datacenters,
	title = "Who Has the Most Web Servers?",
	note = "http://www.datacenterknowledge.com/-archives/2009/05/14/whos-got-the-most-web-servers/"
}

